@techreport{CMS-PAS-TOP-20-001,
      title         = "{Measurement of differential $\mathrm{t}\bar{\mathrm{t}}$
                       production cross sections in the full kinematic range using
                       lepton+jets events from pp collisions at
                       $\sqrt{s}=13~\mathrm{TeV}$}",
      institution   = "CERN",
      collaboration = "CMS Collaboration",
      address       = "Geneva",
      reportNumber  = "CMS-PAS-TOP-20-001",
      year          = "2021",
      url           = "http://cds.cern.ch/record/2759302",
}
@article{ATLAS:2020ccu,
    author = "Aad, Georges and others",
    collaboration = "ATLAS",
    title = "{Measurements of top-quark pair single- and double-differential cross-sections in the all-hadronic channel in $pp$ collisions at $\sqrt{s}=13~\textrm{TeV}$ using the ATLAS detector}",
    eprint = "2006.09274",
    archivePrefix = "arXiv",
    primaryClass = "hep-ex",
    reportNumber = "CERN-EP-2020-063",
    doi = "10.1007/JHEP01(2021)033",
    journal = "JHEP",
    volume = "01",
    pages = "033",
    year = "2021"
}

@techreport{CMS-PAS-TOP-20-004,
      title         = "{Measurement of the inclusive $\mathrm{t}\bar{\mathrm{t}}$
                       production cross section in pp collisions at $\sqrt{s} =
                       5.02\,\mathrm{TeV}$}",
      institution   = "CERN",
      collaboration = "CMS Collaboration",
      address       = "Geneva",
      reportNumber  = "CMS-PAS-TOP-20-004",
      year          = "2021",
      url           = "http://cds.cern.ch/record/2758333",
}
@article{CMS:2019snc,
    author = "Sirunyan, Albert M and others",
    collaboration = "CMS",
    title = "{Measurement of the top quark pair production cross section in dilepton final states containing one $\tau$ lepton in pp collisions at $\sqrt{s}=$ 13 TeV}",
    eprint = "1911.13204",
    archivePrefix = "arXiv",
    primaryClass = "hep-ex",
    reportNumber = "CMS-TOP-18-005, CERN-EP-2019-255",
    doi = "10.1007/JHEP02(2020)191",
    journal = "JHEP",
    volume = "02",
    pages = "191",
    year = "2020"
}
@techreport{CMS-PAS-TOP-20-002,
      title         = "{Measurement of tW production in the semileptonic channel
                       in pp collisions at $\sqrt{s}=13~\mathrm{TeV}$}",
      institution   = "CERN",
      collaboration = "CMS Collaboration",
      address       = "Geneva",
      reportNumber  = "CMS-PAS-TOP-20-002",
      year          = "2021",
      url           = "http://cds.cern.ch/record/2759300",
}
